% Sample references

@misc{mnist,
  author  = {Lecun, Y. and Bottou, L. and Bengio, Y. and Haffner, P.},
  journal = {Proceedings of the IEEE},
  title   = {Gradient-based learning applied to document recognition},
  year    = {1998},
  volume  = {86},
  number  = {11},
  pages   = {2278-2324},
  doi     = {10.1109/5.726791}
}

@misc{famous,
  author = {Vinnova},
  title = {FAMOUS : Federated Anomaly Modelling and Orchestration for modUlar Systems},
  journal = {Available : https://www.vinnova.se/en/p/famous---federated-anomaly-modelling-and-orchestration- for-modular-systems/},
  note    = {Accessed on March 21, 2023}
}

@misc{lobstr,
  author  = {Vinnova},
  title = {LOBSTR : Learning On-Board Signals for Timely Reaction},
  journal = {Available: https://www.vinnova.se/en/p/lobstr---learning-on-board-signals-for-timely-reaction/},
  note    = {Accessed on March 21, 2023}
}

@misc{tf,
  author  = {Google},
  title   = {Tensorflow Lite},
  journal = {Tensorflow},
  url     = {https://www.tensorflow.org/lite/guide},
  note    = {Accessed on March 21, 2023}
}

@misc{tflm,
  title={TensorFlow Lite Micro: Embedded Machine Learning on TinyML Systems},
  author={Robert David and Jared Duke and Advait Jain and Vijay Janapa Reddi and Nat Jeffries and Jian Li and Nick Kreeger and Ian Nappier and Meghna Natraj and Shlomi Regev and Rocky Rhodes and Tiezhen Wang and Pete Warden},
  year={2021},
  eprint={2010.08678},
  archivePrefix={arXiv},
  primaryClass={cs.LG}
}
